<?xml version="1.0" encoding="UTF-8"?><record xmlns="http://www.loc.gov/MARC21/slim" xmlns:cinclude="http://apache.org/cocoon/include/1.0" xmlns:zs="http://www.loc.gov/zing/srw/">
  <leader>00431nz  a2200121n  4500</leader>
  <controlfield tag="001">n 2005085770</controlfield>
  <controlfield tag="003">DLC</controlfield>
  <controlfield tag="005">20051125161414.0</controlfield>
  <controlfield tag="008">051125n| acannaabn          |n aaa      </controlfield>
  <datafield tag="010" ind1=" " ind2=" ">
    <subfield code="a">n 2005085770</subfield>
  </datafield>
  <datafield tag="040" ind1=" " ind2=" ">
    <subfield code="a">DLC</subfield>
    <subfield code="b">eng</subfield>
    <subfield code="c">DLC</subfield>
  </datafield>
  <datafield tag="100" ind1="1" ind2=" ">
    <subfield code="a">Zimmerman, Roger M.</subfield>
    <subfield code="q">(Roger Max)</subfield>
  </datafield>
  <datafield tag="670" ind1=" " ind2=" ">
    <subfield code="a">Zimmerman, Roger M. Kitchen's Opera House, c2003:</subfield>
    <subfield code="b">t.p. (Roger M. Zimmerman) p. 174 (Roger Max Zimmerman; BS, MS, and Ph. D. in related to civil engineering)</subfield>
  </datafield>
</record>